@misc{linux,
	title="Linux - Operating System [Электронный ресурс]",
	howpublished="Режим доступа: \url{https://www.linux.org/} (дата обращения: 10.01.2023)"
}

@misc{linux-security-api,
	title="Linux Security Module Usage [Электронный ресурс]",
	howpublished="Режим доступа: \url{https://www.kernel.org/doc/html/v4.16/admin-guide/LSM/index.html} (дата обращения: 10.01.2023)"
}

@misc{khook,
	title="Khook Usage [Электронный ресурс]",
	howpublished="Режим доступа: \url{https://www.linux.org.ru/news/opensource/14874011} (дата обращения: 10.01.2023)"
}

@misc{callback,
	title="Колбэк-функция -- Глоссарий -- MDN Web Docs [Электронный ресурс]",
	howpublished="Режим доступа: \url{https://developer.mozilla.org/ru/docs/Glossary/Callback_function} (дата обращения: 10.01.2023)"
}

@misc{kernel-tracepoints,
	title="Using the Linux Kernel Tracepoints [Электронный ресурс]",
	howpublished="Режим доступа: \url{https://www.kernel.org/doc/html/latest/trace/tracepoints.html} (дата обращения: 10.01.2023)"
}

@misc{habr-profiling-linux,
	title="Механизмы профилирования Linux -- Habr [Электронный ресурс]",
	howpublished="Режим доступа: \url{https://habr.com/ru/company/metrotek/blog/261003/} (дата обращения: 10.01.2023)"
}

@misc{ftrace,
	title="Using ftrace | Android Open Source Project [Электронный ресурс]",
	howpublished="Режим доступа: \url{https://source.android.com/devices/tech/debug/ftrace} (дата обращения: 10.01.2023)"
}

@misc{ftrace-habr,
	title="Трассировка ядра с ftrace -- Habr [Электронный ресурс]",
	howpublished="Режим доступа: \url{https://habr.com/ru/company/selectel/blog/280322/} (дата обращения: 10.01.2023)"
}

@misc{nop,
	title="NOP: No Operation (x86 Instruction Set Reference) [Электронный ресурс]",
	howpublished="Режим доступа: \url{https://c9x.me/x86/html/file_module_x86_id_217.html} (дата обращения: 10.01.2023)"
}

@misc{kprobes,
	title="Kernel Probes (Kprobes) [Электронный ресурс]",
	howpublished="Режим доступа: \url{https://www.kernel.org/doc/html/latest/trace/kprobes.html} (дата обращения: 10.01.2023)"
}

@misc{task-struct,
	title="include/linux/sched.h - Linux source code (v5.15.3) [Электронный ресурс]",
	howpublished="Режим доступа: \url{https://elixir.bootlin.com/linux/latest/source/include/linux/sched.h} (дата обращения: 10.01.2023)"
}

@misc{sysinfo,
	title="include/uapi/linux/sysinfo.h - Linux source code (v5.15.3) [Электронный ресурс]",
	howpublished="Режим доступа: \url{https://elixir.bootlin.com/linux/latest/source/include/uapi/linux/sysinfo.h#L8} (дата обращения: 10.01.2023)"
}

@misc{proc-ops,
	title="include/linux/proc\_fs.h - Linux source code (v5.15.3) [Электронный ресурс]",
	howpublished="Режим доступа: \url{https://elixir.bootlin.com/linux/latest/source/include/linux/proc\_fs.h#L29} (дата обращения: 10.01.2023)"
}

@misc{c-language,
	title="C99 standard note [Электронный ресурс]",
	howpublished="Режим доступа: \url{http://www.open-std.org/jtc1/sc22/wg14/www/docs/n1256.pdf} (дата обращения: 10.01.2023)"
}

@misc{gcc,
	title="GCC, the GNU Compiler Collection [Электронный ресурс]",
	howpublished="Режим доступа: \url{https://gcc.gnu.org/} (дата обращения: 10.01.2023)"
}

@misc{kallsyms-removed,
	title="Unexporting kallsyms\_lookup\_name() [Электронный ресурс]",
	howpublished="Режим доступа: \url{https://lwn.net/Articles/813350/} (дата обращения: 10.01.2023)"
}

@misc{preproc,
	title="Директивы препроцессора C [Электронный ресурс]",
	howpublished="Режим доступа: \url{https://docs.microsoft.com/ru-ru/dotnet/csharp/language-reference/preprocessor-directives} (дата обращения: 10.01.2023)"
}



@misc{rest-api,
	title="What is a REST API? - Red Hat [Электронный ресурс]",
	howpublished="Режим доступа: \url{https://www.redhat.com/en/topics/api/what-is-a-rest-api} (дата обращения: 07.05.2022)"
}

@inbook{
	kleppman,
	author="M. Kleppmann",
	title="Designing Data-Intensive Applications",
	publisher="Edition. Sebastopol: O’Reilly Media",
	year=2017,
	pages=640
}

@misc{postgresql,
	title="PostgreSQL: Документация. [Электронный ресурс]",
	howpublished="Режим доступа: \url{https://postgrespro.ru/docs/postgresql/} (дата обращения: 07.05.2022)"
}

@misc{oracle,
	title="SQL Language | Oracle[Электронный ресурс]",
	howpublished="Режим доступа: \url{https://www.oracle.com/database/technologies/appdev/sql.html} (дата обращения: 07.05.2022)"
}

@misc{mysql,
	title="MySQL Database Service is a fully managed database service to deploy cloud-native applications. [Электронный ресурс]",
	howpublished="Режим доступа: \url{https://www.mysql.com/} (дата обращения: 07.05.2022)"
}

@misc{postgresql-fact,
	title="PostgreSQL: вчера, сегодня, завтра [Электронный ресурс]",
	howpublished="Режим доступа: \url{https://postgrespro.ru/blog/media/17768} (дата обращения: 07.05.2022)"
}

@misc{acid,
	title="Транзакции, ACID, CAP | GeekBrains [Электронный ресурс]",
	howpublished="Режим доступа: \url{https://gb.ru/posts/acid_cap_transactions} (дата обращения: 07.05.2022)"
}

@misc{mvcc,
	title="Documentation: 12: 13.1. Introduction - PostgreSQL [Электронный ресурс]",
	howpublished="Режим доступа: \url{https://www.postgresql.org/docs/12/mvcc-intro.html} (дата обращения: 07.05.2022)"
}

@misc{r-lock,
	title="Применение блокировок чтения/записи | IBM [Электронный ресурс]",
	howpublished="Режим доступа: \url{https://www.ibm.com/docs/ru/aix/7.2?topic=programming-using-readwrite-locks} (дата обращения: 07.05.2022)"
}

@misc{oracle-company,
	title="Oracle | Integrated Cloud Applications and Platform Services [Электронный ресурс]",
	howpublished="Режим доступа: \url{https://www.oracle.com/index.html} (дата обращения: 07.05.2022)"
}

@misc{oracle-popular,
	title="DB-Engines Ranking [Электронный ресурс]",
	howpublished="Режим доступа: \url{https://db-engines.com/en/ranking} (дата обращения: 07.05.2022)"
}

@misc{myisam,
	title="MySQL Reference Manual 16.2: The MyISAM Storage Engine [Электронный ресурс]",
	howpublished="Режим доступа: \url{https://dev.mysql.com/doc/refman/8.0/en/myisam-storage-engine.html} (дата обращения: 07.05.2022)"
}

@misc{innodb,
	title="MySQL Reference Manual 8.0: The InnoDB Storage Enginee [Электронный ресурс]",
	howpublished="Режим доступа: \url{https://dev.mysql.com/doc/refman/8.0/en/innodb-storage-engine.html} (дата обращения: 07.05.2022)"
}

@misc{oauth1,
	title="
	OAuth Core 1.0 [Электронный ресурс]",
	howpublished="Режим доступа: \url{https://oauth.net/core/1.0/} (дата обращения: 07.05.2022)"
}

@misc{redis,
	title="Redis is an open source (BSD licensed), in-memory data structure store, used as a database, cache, and message broker [Электронный ресурс]",
	howpublished="Режим доступа: \url{https://redis.io/} (дата обращения: 07.05.2022)"
}

@inbook{oop,
	author="Гради Буч, Роберт А. Максимчук, Майкл У. Энгл",
	title=" Объектно-ориентированный анализ и проектирование с примерами приложений",
	publisher="Издательский дом Вильямс",
	pages="",
	language="russian",
	year=2008
}

@misc{gtest,
	title="Документация по фреймворку GoogleTests  [Электронный ресурс]",
	howpublished="Режим доступа: \url{https://google.github.io/googletest/} (дата обращения: 07.05.2022)"
}

@misc{boost,
	title="Документация по фреймворку Boost  [Электронный ресурс]",
	howpublished="Режим доступа: \url{https://www.boost.org/} (дата обращения: 07.05.2022)"
}

@misc{pqxx,
	title="Документация по фреймворку pqxx  [Электронный ресурс]",
	howpublished="Режим доступа: \url{http://www.pqxx.org/} (дата обращения: 07.05.2022)"
}

@misc{redis-cpp,
	title="Документация по фреймворку redis-cpp  [Электронный ресурс]",
	howpublished="Режим доступа: \url{https://github.com/tdv/redis-cpp} (дата обращения: 07.05.2022)"
}

@misc{postman,
	title="Документация по postman  [Электронный ресурс]",
	howpublished="Режим доступа: \url{https://www.postman.com/} (дата обращения: 07.05.2022)"
}

@misc{clock,
	title="Документация по chrono [Электронный ресурс]",
	howpublished="Режим доступа: \url{https://www.cplusplus.com/reference/chrono/system_clock/now/} (дата обращения: 07.05.2022)"
}

@misc{cpp,
	title="Документация по Microsoft C++, C и ассемблеру [Электронный ресурс]",
	howpublished="Режим доступа: \url{https://docs.microsoft.com/ru-ru/cpp/} (дата обращения: 07.05.2022)"
}




@misc{cpp,
	title="Документация по Microsoft C++, C и ассемблеру [Электронный ресурс]",
	howpublished="Режим доступа: \url{https://docs.microsoft.com/ru-ru/cpp/} (дата обращения: 07.05.2022)"
}

@inbook{1,
	author="С. В. Левонисова",
	title="Базы данных",
	publisher="Издательский дом Москва",
	pages="",
	language="russian",
	year=2005
}

@inbook{2,
	author="Е. А. Лазицкас",
	title="Базы данных и системы управления базами данных.",
	publisher="Издательский дом Москва",
	pages="",
	language="russian",
	year=2016
}

@inbook{7,
	author="Г.А. Петров , С.В. Тихов",
	title=" Базы данных, учебное пособие.",
	publisher="Издательский дом Москва",
	pages="",
	language="russian",
	year=2008
}


@misc{8,
	title="Redis is an open source (BSD licensed), in-memory data structure store, used as a database, cache, and message broker [Электронный ресурс]",
	howpublished="Режим доступа: \url{https://redis.io/} (дата обращения: 07.05.2022)"
}

@misc{4,
	title="PostgreSQL: Документация. [Электронный ресурс]",
	howpublished="Режим доступа: \url{https://postgrespro.ru/docs/postgresql/} (дата обращения: 07.05.2022)"
}

@misc{6,
	title="What is a REST API? - Red Hat [Электронный ресурс]",
	howpublished="Режим доступа: \url{https://www.redhat.com/en/topics/api/what-is-a-rest-api} (дата обращения: 07.05.2022)"
}



\def\bibname{Список использованных источников}
\begin{thebibliography}{9}
  \label{cha:biblio}  
  \bibitem{bib:5} Исследование московской биржи [Электронный ресурс] URL: https://www.moex.com/n37253/ (дата обращения: 30.05.2022).
  \bibitem{bib:6} What is a REST API? [Электронный ресурс] URL: https://www.redhat.com/en/topics/api/what-is-a-rest-api (дата обращения: 30.05.2022).
  \bibitem{bib:1} Левонисова С. В. Базы данных. – 2005.
  \bibitem{bib:2} Лазицкас Е. А. Базы данных и системы управления базами данных. – 2016.
  \bibitem{bib:4} PostgreSQL [Электронный ресурс] URL: https://www.postgresql.org/ (дата обращения: 30.05.2022).
  \bibitem{bib:7} Петров Г.А., Тихов С.В. Базы данных, учебное пособие. – 2008.
  \bibitem{bib:8} Empowering App Development for Developers | Docker [Электронный ресурс] URL: https://www.docker.com/ (дата обращения: 30.05.2022).
\end{thebibliography}






